@inproceedings{gal2016dropout,
  title={Dropout as a bayesian approximation: Representing model uncertainty in deep learning},
  author={Gal, Yarin and Ghahramani, Zoubin},
  booktitle={international conference on machine learning},
  pages={1050--1059},
  year={2016}
}

@inproceedings{kendall2017uncertainties,
  title={What uncertainties do we need in bayesian deep learning for computer vision?},
  author={Kendall, Alex and Gal, Yarin},
  booktitle={Advances in neural information processing systems},
  pages={5574--5584},
  year={2017}
}

@inproceedings{gast2018lightweight,
  title={Lightweight probabilistic deep networks},
  author={Gast, Jochen and Roth, Stefan},
  booktitle={Proceedings of the IEEE Conference on Computer Vision and Pattern Recognition},
  pages={3369--3378},
  year={2018}
}

@article{frey1999variational,
  title={Variational learning in nonlinear Gaussian belief networks},
  author={Frey, Brendan J and Hinton, Geoffrey E},
  journal={Neural Computation},
  volume={11},
  number={1},
  pages={193--213},
  year={1999},
  publisher={MITP}
}
