@article{mnist,
  title={The MNIST database of handwritten digit images for machine learning research [best of the web]},
  author={Deng, Li},
  journal={IEEE Signal Processing Magazine},
  volume={29},
  number={6},
  pages={141--142},
  year={2012},
  publisher={IEEE}
}

@article{cifar,
  title={Convolutional deep belief networks on cifar-10},
  author={Krizhevsky, Alex and Hinton, Geoff},
  journal={Unpublished manuscript},
  volume={40},
  number={7},
  pages={1--9},
  year={2010}
}

@inproceedings{bucilua2006model,
  title={Model compression},
  author={Bucilu«é, Cristian and Caruana, Rich and Niculescu-Mizil, Alexandru},
  booktitle={Proceedings of the 12th ACM SIGKDD international conference on Knowledge discovery and data mining},
  pages={535--541},
  year={2006},
  organization={ACM}
}

@inproceedings{ba2014deep,
  title={Do deep nets really need to be deep?},
  author={Ba, Jimmy and Caruana, Rich},
  booktitle={Advances in neural information processing systems},
  pages={2654--2662},
  year={2014}
}
